1958 3494
170 175 253 249 'Du
297 173 568 268 Jonrcua
613 172 777 250 Chnss.
827 183 886 267 ὄρ·

94 267 880 439 llhalslhlhhlhhhhhfrllhlllh

94 437 292 501 &involucro
306 451 424 495 vocum
431 430 623 496 obscurarum
635 434 765 515 tellum,
790 438 882 517 prius-

82 558 97 587 «,
114 519 187 582 uim
202 511 409 594 Philosophice
423 510 647 594 expenderetur,
666 517 759 580 subiit.
800 519 883 585 Hinc

84 539 212 667 sallum
229 613 263 661 ut
278 595 464 683 Philosophia
478 592 680 679 Aristotelica,
706 618 771 678 qua
785 601 883 678 postea

83 685 126 747 in
142 681 310 746 Ecclefiam
324 676 465 741 Latinam
475 676 597 759 ingressa
611 678 667 758 est,
690 681 844 759 *primum
852 685 885 746 fit

95 767 237 830 danmatu
255 784 264 841 3
290 761 397 826 deinde
406 759 444 824 ea
458 765 523 845 lege
537 759 673 842 admissa,
699 776 734 827 ut
747 764 886 845 quadam

95 868 163 928 quar
175 867 244 991 νεὲι
252 841 461 992 ῗὴίἰοΐορὴίεὲ
476 841 581 925 essent,
600 847 773 912 haberentur
781 846 885 916 Theo·

96 935 133 994 lo
153 928 197 990 ice
240 933 289 991 la.

133 948 194 1070 gri.
212 1009 274 1072 Hic
288 1010 410 1092 quidem
424 1010 734 1090 divinampotentiam
748 1058 758 1091 ,
786 1015 835 1076 cui
848 1015 885 1078 ab

101 1091 273 1154 hominibus
294 1095 400 1156 limites
423 1096 495 1172 poni
517 1092 598 1156 nefas
613 1093 670 1174 est,
692 1095 885 1174 praetendunr.

100 1175 147 1239 At
160 1173 287 1238 dubium
307 1175 347 1238 est
368 1177 505 1256 nemini,
532 1177 605 1257 quin
627 1179 756 1257 plurima
791 1197 836 1241 uae
850 1181 887 1242 ab

99 1258 270 1322 hominibus
292 1276 357 1321 non
381 1260 536 1337 capiuntur
556 1258 650 1322 facore
671 1257 759 1339 poffrt
814 1281 886 1339 eus.;

100 1336 208 1403 verum
229 1338 300 1403 cum
319 1340 428 1419 aliquid
448 1343 630 1403 affirmamus
658 1355 721 1406 tam
740 1342 777 1404 de
798 1343 888 1422 De0‚

101 1421 194 1504 quam
208 1421 246 1484 de
260 1423 438 1500 aliisrebus,
454 1433 570 1500 oportet
578 1424 732 1485 nosintelli
753 1442 801 1484 ete
817 1425 889 1503 quid

101 1507 255 1582 meamus3
276 1507 386 1568 etenim
394 1504 422 1566 n
437 1502 685 1566 verbasmesensu
691 1441 891 1584 minuamus,

102 1589 237 1650 utnulla
258 1588 292 1649 iis
307 1585 437 1667 subjoola
451 1584 492 1682 est
506 1583 629 1664 potestas
641 1603 655 1648 τ
667 1586 714 1648 'ita
729 1604 786 1647 nec
802 1588 890 1650 ullius

93 1666 891 1832 uhl’llll‘llnlhhllslllrhllhflr

103 1833 486 1915 intelligantquoddicunt,
501 1832 891 1917 &verbisexprimantquod
964 1874 972 1894 r

103 1917 291 2015 intelliguntz
308 1916 431 1998 rogandi
439 1916 514 1979 sunt.

146 2015 196 2061 12.
216 1996 295 2061 Sane
310 2017 345 2059 ex
363 2018 469 2061 eorum
495 1998 728 2078 responsionibus
749 2001 893 2077 apparebit

105 2098 158 2143 eos
172 2098 238 2144 non
251 2082 345 2162 magis
359 2081 442 2162 quod
458 2081 577 2158 dicunt,
598 2081 689 2161 quim
705 2098 761 2141 nos
776 2081 826 2159 qui
844 2099 895 2141 ne·

106 2181 240 2244 gamno,
274 2164 444 2245 imelligere.
486 2163 588 2243 Itaque
618 2160 740 2242 quando
767 2161 894 2223 diximus

106 2263 160 2308 eos
176 2245 359 2326 existimare,
384 2245 598 2324 sententiamve
620 2245 721 2306 fovere
745 2243 781 2306 de
795 2244 895 2308 haere

107 2330 259 2408 aliquam,
292 2329 409 2406 loquuti
424 2327 527 2390 sumus
541 2345 577 2388 ex
593 2326 648 2390 usu
662 2327 766 2410 vulgi,
792 2327 896 2393 secun·

108 2407 186 2472 dum
203 2427 296 2490 quem
303 2409 393 2472 usum
408 2408 633 2473 contradieloria
649 2410 727 2473 credi
742 2411 838 2472 dicere
849 2410 897 2474 so-

108 2493 218 2553 lemus.
233 2490 359 2572 Alioqui
366 2491 527 2555 dicendum
533 2491 627 2554 fuisset
633 2489 811 2573 Theologos
817 2490 899 2554 Pon·

109 2573 221 2634 tilicios
228 2573 330 2636 habere
337 2575 441 2651 verba,
461 2593 527 2654 qua
534 2575 644 2638 veritati
652 2576 745 2637 allata
753 2574 899 2637 contraria

107 2653 193 2718 sono
199 2653 349 2735 videntur,
369 2656 419 2719 sed
426 2655 600 2737 subqu'ibus
615 2657 700 2719 nulla
707 2658 777 2716 latet
785 2655 899 2736 opini03

109 2735 245 2812 ideoque
258 2739 448 2816 quantumvis
462 2739 642 2818 pertinaciter
656 2738 689 2799 iis
705 2736 799 2798 verbis
815 2752 901 2804 utan-

110 2834 179 2897 tur,
199 2816 272 2878 nihil
285 2821 363 2885 abiis
377 2821 432 2884 hac
454 2821 491 2883 de
506 2842 536 2884 re
551 2821 653 2896 credi,
685 2817 740 2879 nisr
755 2820 839 2899 quod
854 2841 901 2887 ce-

110 2901 166 2970 teri
199 2899 336 2966 homines
368 2902 504 2967 sentiunt„
544 2900 658 2981 Opinio
684 2901 771 2965 enim
785 2901 901 2984 judicio

838 2990 904 3050 niti·

176 3073 477 3153 *stlembum
489 3073 520 3132 de
532 3071 709 3133 vitiaremur
719 3072 851 3142 mileum
