1958 3494
130 195 203 268 'Dr
220 166 783 269 Annunnnrnrronnannd'X.
811 217 853 298 23
861 225 881 282 9

90 293 126 358 Β.
152 287 255 370 Quid?
284 300 420 366 anputas
435 287 591 351 hominem
605 290 712 354 solum
725 310 791 355 non
802 291 883 381 polle

130 377 208 456 leges
216 371 335 435 divinas
349 368 546 454 perfringere?

90 457 132 524 A.
156 472 228 536 Hoc
242 453 341 534 ipsum
356 472 453 538 nego,
481 453 603 532 quando
619 450 797 518 finedivinae
811 456 884 521 Pro-

129 538 265 603 videntia
279 538 410 600 efficacia
422 536 590 617 quidquam
605 537 668 599 fieri
682 555 771 620 nego.

82 622 127 687 B.
149 621 241 705 Igitur
256 619 519 700 quemadmodum
533 618 620 682 Deus
629 638 685 683 nos
693 620 731 683 ad
737 618 817 684 reule
826 669 835 703 ‚
844 624 883 686 ita

132 707 171 769 ad
184 702 265 767 male
280 702 445 766 vivendum
451 702 580 782 adjuvat.

80 787 133 854 Α.
155 789 277 852 Falleris
294 835 303 868 ,
330 787 440 848 etenim
448 785 478 847 in
488 800 611 864 peccato
628 784 830 871 distinguenda
843 788 883 852 est

133 871 224 951 aelio,
244 872 281 934 ab
296 866 514 932 aelionisvitio.
534 867 620 931 Deus
639 869 759 950 adjuvat
774 891 830 935 nos
844 875 883 938 ad

134 950 401 1031 allivnem'ipsam,
414 950 465 1013 sed
472 970 536 1013 non
542 952 580 1014 ad
589 953 706 1014 vitium.
728 952 845 1019 Verum
853 959 884 1021 in

120 1037 218 1098 'bonis
233 1033 414 1113 afflonibus,
434 1033 475 1096 ad
488 1036 750 1114 virtutemetiam,
770 1039 883 1118 quaeest

134 1119 166 1181 in
181 1114 313 1195 afflone,
333 1114 515 1179 subfidioest.
531 1167 535 1174 .

82 1198 127 1266 zB.
148 1199 239 1266 Doce
252 1220 303 1265 rne
316 1198 417 1279 quaeso
424 1200 496 1279 quid
503 1197 658 1281 aaronem,
679 1199 882 1282 quideffloriis

132 1302 240 1348 vatium
254 1302 355 1348 voces.

93 1367 133 1434 A.
152 1368 226 1431 Hoc
239 1371 379 1446 exemplo
393 1363 508 1446 liquide
522 1366 573 1428 tibi
585 1365 749 1430 ostendam.
769 1368 806 1432 In
823 1371 883 1433 odio

129 1451 288 1594 nn

302 1578 312 1608 θ
460 1576 470 1610 7

138 1616 235 1677 citum
249 1611 766 1694 fertur,malaquandoinillic'itum.
786 1613 885 1679 Dein·

135 1695 349 1761 deestaellonis
358 1696 445 1776 ipfius
459 1696 497 1758 ad
509 1692 663 1778 obje&um
674 1698 797 1779 relatio,
817 1717 884 1779 quae

136 1777 177 1841 est
193 1782 282 1843 mala.
317 1779 368 1844 Ad
383 1780 459 1842 hanc
469 1781 648 1843 relationem
661 1799 727 1843 non
740 1783 884 1843 concurrit

131 1859 238 1943 Deus,
259 1861 329 1926 licet
344 1863 381 1926 ad
396 1862 545 1926 aelionem
553 1859 711 1927 neeeffarib
718 1886 883 1928 concurrere

97 1986 101 1993 ·
130 1966 204 2010 eum
211 1962 362 2027 oporteat,
383 1960 417 2007 ut
432 1946 543 2009 edatur.

92 2027 131 2092 B.
153 2028 225 2091 Inde
240 2031 353 2112 colligo
371 2042 401 2090 te
415 2029 474 2091 hoc
488 2032 582 2108 velle,
603 2027 701 2109 primu
715 2026 822 2093 Deum
835 2048 884 2115 ge·

136 2129 239 2175 nerare
251 2113 283 2174 in
305 2125 406 2175 mente
427 2112 558 2174 hominis
580 2110 687 2172 odium
699 2112 738 2171 ain
758 2128 881 2193 genere,

134 2196 218 2276 quod
232 2213 329 2276 neque
343 2193 383 2257 est
398 2195 514 2256 bonum
522 2210 618 2270 neque
625 2194 759 2270 malum,
779 2192 884 2255 deinde

134 2277 271 2341 accedere
285 2279 460 2341 relationem
468 2274 529 2337 odii
543 2274 579 2336 ad
594 2269 764 2353 objeilurne
784 2293 884 2338 erem-

135 2362 176 2439 pli
202 2360 291 2442 gratil
321 2410 330 2443 ‚
380 2358 501 2439 quando
514 2357 635 2419 refertur
650 2355 687 2419 ad
701 2359 882 2438 proximum.

131 2441 185 2507 An
193 2445 321 2507 intellexi
335 2441 409 2522 quid
425 2442 516 2503 velles
530 2439 542 2501 ?
807 2454 810 2459 ·

92 2523 133 2589 A.
155 2525 267 2590 Partim
280 2526 427 2606 quidem,
463 2536 492 2584 at
512 2542 578 2585 non
595 2521 736 2602 prorsus,
761 2525 883 2587 nullum

133 2613 216 2671 enirn
230 2607 286 2671 elle
300 2622 375 2687 puto
388 2606 496 2670 odium
509 2608 540 2669 in
554 2624 677 2698 genere3
695 2606 779 2685 quod
785 2604 883 2685 postea

132 2703 322 2752 convertatur
336 2690 374 2753 ad
390 2702 507 2751 certum
520 2686 684 2770 objeelum.
720 2682 884 2766 Experim-

131 2770 495 2836 tioehoccontrariumest.
796 2788 823 2825 τι·

87 2851 128 2917 Β.
152 2851 205 2915 An
221 2870 293 2935 erge
306 2852 391 2916 Deus
407 2867 501 2935 creet,
529 2849 657 2929 exempli
672 2846 778 2930 causl,
806 2848 883 2918 illul

134 2935 233 3017 ipsum
246 2934 353 2998 odium
367 2935 451 3016 quod
458 2938 491 2999 in
505 2936 680 3014 proximum
691 2930 803 2998 staur?

94 3018 134 3085 A.
155 3014 300 3098 Prorsus,
319 3016 370 3082 sed
385 3036 451 3083 nan·
463 3018 647 3084 trudonem
766 3098 794 3165 Β
823 3096 883 3165 Sed
