1950 3474
111 194 184 272 3¹2
247 163 789 262 oraroroejrassrrul.
853 260 857 267 ³

303 398 670 480 'Canon-VI.

105 529 354 624 Obftrvationes
366 536 454 597 'circa
468 531 655 598 Durationis
672 530 911 622 Mansuram&

176 633 356 701 Aximara
372 634 455 695 circa
472 623 688 715 Exststentiam
696 632 838 719 seuDu.

240 731 372 796 aetionis
388 731 539 816 initium,
564 719 684 819 ejaisque
700 751 771 795 con·

408 843 618 896 tenuataanem„

109 992 361 1130 1.POstquirn
372 1003 413 1071 de
428 997 645 1068 Durationein
660 1021 767 1088 genere
780 1004 910 1089 ejusque

211 1091 383 1174 generibus,
403 1101 493 1166 prout
507 1085 523 1148 ὲ
540 1085 749 1165 Metaphysrcis
764 1087 909 1169 distingui

112 1170 225 1250 solent,
247 1174 379 1254 egimus,
400 1169 437 1230 ad
445 1170 502 1229 alia
508 1167 728 1244 properandum
741 1165 827 1243 esset,
849 1171 909 1232 nisi

109 1250 162 1312 hic
175 1253 314 1331 quadam
327 1248 481 1313 obstruatu
488 1266 552 1310 non
561 1247 681 1330 indigna
689 1249 791 1310 animo
797 1247 907 1315 nostro

110 1333 179 1398 sese
193 1333 373 1414 objicerent,
388 1333 495 1416 quibus
502 1327 603 1412 Caput
609 1329 754 1416 singulare
771 1330 908 1399 tribuen-

111 1417 190 1482 dum
206 1415 385 1481 censuimus
586 1494 590 1501 ¹
786 1490 792 1497 ι

156 1520 185 1564 2.
208 1498 351 1565 Diximus
365 1498 383 1581 d
397 1488 668 1563 nobisDurationis
677 1497 799 1562 formari
806 1496 905 1562 ideam

112 1583 163 1648 ubi
176 1584 214 1647 de
228 1580 403 1647 Exfistentiae
424 1579 529 1644 nostrae
554 1584 780 1646 continuatione
794 1581 903 1662 cogita-

110 1685 181 1730 mus
190 1687 199 1741 ;
205 1680 342 1743 praeterea
350 1666 581 1727 continuationis
588 1664 752 1727 exsistentia
759 1661 861 1728 nosttae
866 1679 904 1726 ex

109 1748 354 1826 cogitationibus,
366 1766 438 1824 quas
446 1744 590 1806 sentimus
597 1746 743 1823 perpetuo
757 1748 820 1807 aliis
836 1747 906 1808 alias

108 1825 279 1901 succedere,
300 1845 357 1886 nos
367 1829 450 1886 nobis
464 1823 519 1884 eise
527 1825 664 1886 conscios
672 1826 903 1887 observandum.

108 1903 344 1986 Quicumque'in
351 1906 380 1968 se
388 1904 543 1967 descendet
550 1907 643 1967 veluti
650 1903 816 1986 quamdam
823 1905 906 1969 idea-

108 2008 178 2052 rum
192 2005 355 2068 pompam,
376 1986 434 2049 fine
442 1986 670 2069 intermiffione,
693 2007 799 2071 coram
812 1987 907 2050 Intei·

109 2069 330 2151 leduttanfire,
353 2069 665 2153 saitemdumvigiiat,
677 2071 791 2136 sentiet„
811 2067 907 2135 Eam·

111 2156 183 2221 dem
197 2155 315 2236 prorsus
323 2154 436 2234 ideam,
455 2166 507 2215 aut
519 2174 586 2237 que
601 2157 809 2236 nuilaprorsus
818 2157 903 2235 inre,

97 2259 169 2304 ‚nec
189 2238 395 2318 detradione,
425 2255 481 2299 nee
502 2237 653 2301 additione
669 2254 827 2322 mutetur,
854 2239 905 2302 diu

110 2322 214 2384 animo
229 2320 332 2382 nostro
350 2339 414 2382 non
437 2320 582 2382 obversari
605 2322 807 2403 unusquisque
822 2340 906 2400 expe·

89 2413 92 2422 ‘
110 2404 158 2468 titi
174 2403 298 2482 potetit;
319 2402 339 2463 fi
356 2415 482 2463 conetur
496 2402 534 2463 dc
548 2422 609 2464 una
622 2406 761 2484 quapiam
768 2425 799 2465 re
806 2404 845 2463 ita
853 2422 907 2466 co·

111 2488 225 2573 gitare,
254 2498 289 2547 ut
301 2485 372 2547 nihil
388 2483 525 2562 accedat,
541 2504 637 2564 neque
660 2485 780 2546 decedat
802 2485 908 2558 primae

112 2569 293 2656 cogitationi.
334 2564 418 2629 Csun
439 2566 488 2625 vix
509 2583 560 2642 per
579 2579 773 2628 momentum
795 2565 826 2627 id
840 2565 906 2631 fieri

111 2667 217 2735 queat,
238 2647 324 2714 facile
340 2667 375 2710 ex
389 2659 527 2726 perpetua
541 2649 592 2708 illa
610 2647 745 2709 idearum
760 2651 906 2712 mutatio·

112 2755 151 2797 ne
166 2755 223 2799 nos
244 2734 348 2797 sentire
363 2728 553 2795 exsistentiam
568 2728 701 2794 nostram
714 2734 904 2814 continuari,

111 2815 330 2959 intelliffreest.

154 2914 182 2978 3.
235 2912 306 2976 tque
321 2899 380 2962 hoc
395 2899 486 2962 etiam
493 2916 528 2961 ex
539 2917 577 2962 eo
585 2912 718 2980 apparet,
740 2896 908 2980 quodcum

109 2976 245 3050 idearum
260 2981 365 3046 animo
379 2981 482 3049 nostro
489 2981 594 3050 ordine
610 2981 910 3127 obversantiumsffc·

818 3079 853 3125 ce
878 3083 912 3130 ro
