1958 3494
155 150 885 262 Dr:Joorerrs.'cr1>.xi1..1·2r·

76 267 296 344 ¹a'tiirmarnus,
317 282 424 346 negare
436 258 538 341 potest.
581 257 613 323 Si
634 259 808 326 definiiffem
825 268 885 328 cit-

85 353 193 412 eulum
208 395 216 427 ‚
246 360 335 426 prout
350 343 433 426 dixi,
454 363 547 408 nemo
561 342 592 406 id
603 344 635 406 in
650 345 882 414 controverslam

84 433 196 496 trahere
216 428 334 510 poistt3
362 447 418 490 nec
444 427 611 508 quidquam
636 426 721 507 quod
748 445 884 507 querere-

85 528 134 578 tur
148 516 265 577 haberet
280 558 289 591 ,
311 508 443 575 fimodb
461 507 648 573 constans-ea
662 510 694 571 in
709 507 884 578 definitione

86 595 186 660 effim.

124 683 154 744 6.
180 663 315 757 Tertii),
343 674 590 757 quandoquidem
602 677 766 759 oppugnari
780 678 885 756 nequit

86 762 219 826 definitio
227 761 378 839 nominis,
397 755 779 838 sequiturenmpoffeinstar
787 758 885 822 Axio-

86 847 173 908 matis
188 843 343 909 indubitati
358 841 502 916 adhiberi;
522 831 606 920 quod
617 839 731 904 faciunt
747 840 883 906 Geome-

86 940 158 1005 trae,
176 929 228 1006 qui
243 925 385 989 omnium
400 919 530 986 maxime
545 920 692 1002 ejusmodi
702 924 885 990 definitioni-

87 1010 146 1071 bus
161 1021 292 1071 utuntur.
327 1004 446 1069 Verum
460 1024 499 1067 ne
512 1017 651 1083 putemus
665 1019 817 1085 propterea
830 1010 896 1083 ali·-¹

86 1089 162 1172 quid
181 1090 219 1154 de
238 1091 325 1170 idea,
353 1109 419 1170 quae
442 1089 528 1150 affixa
543 1086 583 1149 est
596 1087 720 1151 definito
735 1091 880 1171 nomini,

86 1174 243 1256 affirmari,
272 1171 336 1254 uod
350 1171 522 1251 indubium
534 1173 666 1250 revocari
680 1186 823 1254 nequeat,
833 1193 883 1238 cu·

38 1331 44 1342 ,
85 1256 230 1322 vendum.
287 1254 447 1334 rincipium
461 1251 500 1316 est
513 1253 727 1334 indubitatum,
749 1257 884 1337 aliquem

87 1339 129 1399 ita
142 1337 280 1401 definiiffe
293 1337 609 1416 vocem'quampiam3
627 1337 677 1399 sed
685 1356 750 1399 non
756 1337 796 1400 est
803 1342 883 1418 priu-

90 1419 205 1496 cipium
219 1420 416 1484 indubitatum
429 1419 459 1484 id
474 1418 558 1498 quod
565 1417 603 1494 de
609 1438 640 1483 te
648 1421 773 1500 cogitat,
787 1439 884 1498 quam

89 1501 245 1563 vocabuo
265 1503 320 1564 illo
332 1504 431 1567 afficit.
471 1500 515 1564 Ita
530 1498 550 1561 fi
564 1500 630 1580 quis
645 1500 788 1563 definierit
804 1501 880 1562 calo·

89 1594 180 1663 iem,
200 1581 242 1643 id
260 1584 390 1668 qnodtst
409 1585 441 1646 in
463 1582 622 1669 corporibus
636 1602 699 1667 quae
713 1604 762 1643 nos
776 1581 882 1660 calefa·

88 1666 190 1744 ciunt,
211 1662 352 1742 &fimile
365 1663 500 1748 estcalo'ri
514 1684 598 1750 quem
606 1664 767 1745 fentimm3
786 1685 884 1731 nemo

86 1747 213 1830 quidem
234 1752 339 1828 poterit
360 1752 427 1813 e'om
450 1747 656 1812 definitionem
685 1759 882 1835 oppugnare,

85 1845 233 1913 quatenus
243 1835 383 1912 exprimit
397 1831 481 1912 quod
496 1850 572 1895 voce
580 1830 657 1894 calor
663 1833 814 1919 intelligit;
830 1832 882 1899 sed

86 1916 158 1977 nibil
175 1913 268 1978 obstat
283 1918 448 1997 quominus
464 1933 606 1999 negemus
622 1913 678 1979 effe
692 1917 802 1997 aliquid
818 1964 827 1995 ,
848 1919 882 1982 in

87 1999 260 2075 corporibus
275 1999 526 2077 caiefacientibus,
546 2000 573 2060 ei
589 1997 683 2060 fimile
692 1999 776 2079 quod
785 2017 842 2061 nos
849 2000 882 2062 in

85 2081 174 2143 nobis
188 2080 340 2144 sentimus.

125 2179 154 2241 7.
176 2162 347 2228 Scholastici
363 2163 480 2226 duobus
496 2157 639 2244 praecipue
654 2162 777 2241 modis,
806 2180 882 2225 con-
914 2243 917 2247 Ι

84 2257 129 2307 tra
145 2247 230 2310 hasce
245 2246 462 2315 observationes
479 2294 488 2325 ,
516 2257 648 2323 peccant.
688 2241 815 2326 Primo,
835 2257 882 2309 tes

85 2325 158 2405 ipsas
179 2329 352 2410 definiunt,
372 2343 460 2409 prout
481 2330 574 2407 libet,
596 2328 664 2391 dein
685 2330 795 2393 nolunt
814 2329 883 2394 suas

86 2409 273 2474 definitiones
288 2413 451 2495 oppugnari
469 2430 477 2486 ;
504 2409 577 2473 curn
597 2412 656 2474 hoc
679 2412 795 2476 tantum
806 2412 882 2493 juris
941 2487 944 2490 Α

85 2492 210 2555 habeant
228 2492 414 2558 definitiones
431 2495 575 2566 nominis„
599 2493 674 2557 Satis
688 2494 768 2558 mile
783 2495 882 2557 homi·

85 2591 163 2636 nem
177 2574 322 2641 definiunt
336 2575 458 2638 Animal
471 2578 580 2638 ratione
588 2576 763 2661 preditum,
784 2592 881 2655 quam

84 2655 412 2723 tamendefin'itionetn
429 2657 448 2719 fi
460 2660 525 2736 quis
533 2658 799 2735 admitteresnolit·,'
808 2676 883 2737 qua·

84 2737 107 2801 fi
122 2739 373 2821 primoprineipia
388 2755 521 2825 negaret,
550 2741 749 2822 indignantur.
777 2736 882 2822 ¹Ejus-

83 2820 172 2885 modi
188 2822 377 2903 definitione,
399 2822 419 2886 fi
436 2836 499 2885 non
514 2825 695 2900 a'ecuratior,
716 2817 794 2885 certe
811 2843 882 2891 can-

84 2904 183 2968 didior
198 2905 259 2986 est,
281 2905 648 2986 quiVeterumquispiam
659 2902 767 2985 jocans
780 2910 883 2974 uteba-
902 2938 907 2944 ·
964 2960 970 2975 .

85 2998 133 3055 tut
150 3007 158 3052 ε
180 2988 276 3051 Homo
291 2989 330 3070 est
344 2988 420 3075 quod
430 3007 522 3055 cmm
537 2986 677 3052 novimus.
717 2985 881 3066 Secundis,

88 3062 254 3135 ·--·n⁴omus
276 3068 299 3133 1.
568 3067 598 3132 -F
813 3068 881 3136 roro
