1950 3474
107 202 182 279 2&
285 201 740 280 orroroerm

65 308 80 353 l
106 300 159 364 sed
173 299 204 363 &
218 298 307 363 hosce
321 298 351 363 dt
366 296 499 379 primum
505 302 648 380 exemplis
657 302 769 386 aliquot
776 300 907 374 illustra-

107 403 156 465 re,
177 385 237 447 lroc
253 386 385 464 inloto,
406 401 470 445 non
481 385 652 447 eritinutile.

152 465 181 530 8.
203 466 545 552 Ontologianosdocet,
568 469 695 547 exempli
705 468 808 552 causi,
829 477 906 554 quid

39 556 89 641 >4
108 550 142 612 lit
157 551 242 630 quod
256 548 416 636 ifflffiffle
429 562 570 626 vocatum
590 569 716 630 nempe,
745 555 775 616 id
791 556 905 635 impos-

107 633 188 696 srbile
202 634 346 711 dicimus,
366 632 449 711 quod
464 632 648 729 uullomodo
663 635 760 697 ¹intelli
780 656 829 700 ere

728 821 806 865 rere
854 826 903 867 on·

95 892 165 943 'um
191 900 236 940 me
286 875 439 955 clivrtate,
463 877 597 959 :ideoque
619 880 682 943 fieri
704 818 786 960 pogffe
811 905 903 968 nega·

102 979 195 1038 ‚mus3
215 974 249 1023 ut
264 978 355 1023 mons
370 958 403 1021 srt
417 959 476 1023 sme
492 961 664 1026 declivitate.
704 963 718 1025 Ι
741 967 900 1049 ‘ttuliquis

106 1045 261 1126 quidpiam
276 1043 306 1106 se
322 1045 498 1124 intelligere,
524 1058 575 1106 aut
590 1046 706 1108 credere
719 983 814 1127 fflcat,
846 1070 900 1114 cu·

103 1128 154 1208 jus
175 1130 291 1189 nullam
305 1125 422 1202 prorsus
442 1125 539 1186 ideam
553 1129 692 1205 effingere
705 1130 791 1188 nobis
808 1131 898 1208 licet,-

100 1210 135 1273 id
150 1206 206 1269 eise
221 1207 305 1267 nobis
315 1203 487 1281 persuadere
500 1207 609 1284 nequit.
652 1203 897 1273 Dicentibuseffe

101 1291 273 1351 humanum
287 1303 394 1364 corpus
406 1285 548 1365 unicum,
569 1285 653 1365 quod
667 1299 767 1348 tamen
782 1288 814 1349 in
827 1293 896 1367 plu-

104 1374 183 1435 ribus
199 1371 273 1434 locis
287 1367 327 1431 est
342 1367 448 1447 simul}
467 1371 642 1449 reponimus
663 1387 719 1432 nos
734 1387 800 1432 non
812 1371 895 1450 poss'e

99 1455 241 1519 adsentiri
256 1502 266 1535 ,
294 1450 378 1534 quod
393 1470 501 1531 corpus
515 1454 643 1518 unicum
659 1500 668 1533 ,
695 1452 725 1516 dt
740 1456 896 1535 multiplex

106 1539 213 1620 fimul,
241 1554 343 1616 capere
361 1533 445 1599 nulli
458 1537 571 1599 ratione
584 1555 739 1616 quemnus.
761 1534 895 1600 Conten-

106 1622 207 1686 dimus
221 1623 251 1685 id
265 1622 368 1683 debere
383 1623 458 1683 iuter
472 1617 658 1699 impossibilia
669 1618 766 1682 referri
781 1667 790 1699 ,
824 1619 893 1683 nds-

105 1724 165 1784 que
181 1708 279 1783 ullum
294 1700 374 1780 polle
389 1700 546 1765 adsensum
560 1703 686 1778 praebete
699 1700 896 1780 Proposrtioni

104 1785 191 1846 sensu
221 1786 328 1844 carenti
359 1802 511 1863 negamus·
553 1776 711 1859 Ejusmodi
731 1782 894 1846 Axiomata

98 1868 232 1945 ¹plurima
256 1863 416 1940 suppeditat
438 1862 621 1942 Outologia,
652 1865 826 1942 exquibus,
856 1866 893 1927 ad

98 1947 260 2011 vitandum
276 1964 421 2022 errorem,
449 1946 662 2022 veritatemque
682 1945 895 2010 inveniendam

104 2025 851 2108 acdciendendam,nouexiguasubsrdiaducimus

148 2134 177 2197 9.
199 2111 399 2194 Metaphylica
413 2111 501 2173 docet
515 2112 619 2191 omn'a
650 2111 895 2197 uaeiutelligimus
934 2125 959 2181 uf

104 2197 187 2281 polle
202 2198 239 2260 ad
256 2193 574 2270 certasclaffcsreferr13
595 2213 611 2254 e
635 2213 777 2271 comma,
796 2213 896 2258 exerm
931 2190 959 2215 ’“

103 2284 145 2360 pli
154 2280 257 2357 causi,
271 2281 328 2354 sub
353 2280 480 2358 cantiam,
504 2278 650 2352 accidens,
665 2290 714 2339 aut
722 2275 895 2340 relationem.
966 2301 969 2305 ·

105 2361 208 2441 Atque
227 2360 296 2421 inde
343 2375 354 2420 r
376 2374 409 2419 ut
431 2364 471 2422 rei
486 2351 614 2438 cujuffss
629 2374 766 2420 naturam
781 2379 849 2420 mre
874 2363 896 2421 i-

104 2458 207 2529 gauter
229 2455 295 2504 ante
318 2443 422 2503 omniu
452 2457 554 2503 utrum
578 2441 611 2501 fir
633 2439 816 2516 Substantia,
844 2444 892 2501 vel

107 2527 273 2604 Accidens,
301 2527 349 2584 vel
366 2518 486 2586 Relatio
500 2541 683 2602 queramu53
710 2538 773 2598 quo
788 2521 893 2584 inven-

102 2626 165 2692 to,
195 2609 340 2693 generales
354 2608 557 2685 proprietates,
585 2624 650 2683 quae
665 2604 850 2665 conveniunt
866 2607 894 2669 ei

105 2692 234 2757 'Eritium
250 2688 327 2754 claffi
341 2689 377 2752 ad
392 2708 483 2768 quam
498 2687 620 2749 refertur
635 2733 644 2763 ,
671 2686 711 2747 rei
725 2686 892 2752 tribuimus.

108 2774 245 2856 Exempfi
259 2773 363 2861 gratil,
385 2772 556 2853 liqueretur
570 2764 689 2852 qurdſst
706 2766 827 2831 Allorl.
838 2774 895 2852 pri·

106 2858 196 2923 mrim
210 2862 281 2921 scire
295 2878 351 2921 nos
367 2871 483 2936 oportet
499 2854 646 2918 Alborem
668 2871 731 2914 uon
747 2851 803 2916 effe
819 2852 895 2918 Sub—

106 2940 263 3019 stantiam,
289 2960 385 3020 neque
397 2938 605 3013 Relationem3
634 2955 698 3016 quo
712 2935 823 3016 posito,
850 2936 893 2999 se·

107 3026 207 3106 quitur
214 3034 247 3086 ut
256 3021 289 3083 fit
304 3022 472 3106 Accidens,
492 3040 527 3090 ac
537 3019 666 3104 proinde
680 3032 713 3085 ut
720 3019 893 3165 deeoquqid
