1958 3494
210 176 772 255 Onno‘uoathaaXllI?
822 205 899 280 349

92 277 185 339 autimi
201 275 357 340 affectione
372 276 577 355 impellamur,
599 289 650 338 aut
665 279 700 338 ab
720 277 825 340 cadem
840 278 904 340 de··

92 359 283 427 terreamur?
325 357 394 420 ΙΙΙ.
413 378 482 421 eam
496 360 686 436 facultatem,
707 377 773 438 quae
787 361 902 421 Liber·¹

93 441 348 521 tassoletvocan‘,
368 459 432 502 non
441 443 523 504 aliter
531 438 611 521 polle
619 440 780 522 cognosci,
800 441 893 521 quim

93 543 129 589 ex
143 523 246 586 nostro
269 523 410 602 ipsorum.
423 523 518 585 sensu.
560 521 782 602 Nequeenim
811 524 894 585 aliter

94 624 134 671 au
150 605 229 669 sitin
245 607 334 669 nobis.
349 607 473 669 facultas
489 607 587 685 aliqua
601 603 727 686 ,quam
742 604 896 668 couscien-

95 685 154 767 tia,
175 686 247 751 scire
262 686 425 767 possumus.
468 687 548 752 Non
565 687 604 750 est
619 686 793 768 suestandus
804 705 895 752 even·

94 785 141 836 tus
157 816 167 848 ,
195 780 343 851 quomam
356 770 449 851 pollet
465 774 496 835 iu
512 773 598 834 nobis
612 768 669 833 ess'e
678 771 808 834 facultas
830 787 896 830 non

94 854 222 917 faciendi
237 855 320 934 quod
335 854 462 918 facimus
478 902 487 934 ,
515 869 565 918 aut
578 853 705 918 faciendi
727 851 810 934 quod
829 869 903 914 non

94 934 243 1001 facimus..
272 933 335 997 llic
349 951 451 998 autem
467 937 680 1000 conscientiam
694 954 818 1013 eorum,
840 935 904 1016 qui·

96 1028 189 1098 agunt
208 1017 239 1076 iu
260 1015 442 1094 ejuscemodi
462 1020 547 1079 rebus
568 1017 689 1094 dubiis,
716 1034 765 1079 aut
794 1017 832 1077 de
851 1022 897 1079 in·

97 1098 181 1159 certis
193 1095 347 1176 judicant,
364 1100 564 1177 appellamus,
584 1097 742 1160 &oramus
751 1098 849 1158 dicant
857 1115 896 1157 an

95 1199 159 1242 non
180 1180 304 1246 sentiant
323 1182 361 1247 in
374 1181 404 1244 se
416 1182 487 1246 uim
508 1180 667 1243 abstinendi
683 1176 847 1243 astionibus
866 1177 904 1241 δι’

92 1263 210 1345 judiciis
225 1311 235 1343 ,
264 1260 532 1332 licctliaentiffime
547 1277 634 1346 agant
649 1300 671 1341 ,-.
686 1282 724 1326 eo
740 1261 897 1342 ipsatean-

76 1364 168 1424 ‘pote
182 1366 245 1425 quo
260 1346 380 1428 agunt?
422 1345 453 1410 Si
469 1366 505 1410 ea
519 1349 606 1410 nobis
619 1348 904 1410 aliorumanimum

98 1425 238 1488 aestimare
253 1428 321 1487 lieet
335 1471 350 1504 ,.
375 1428 564 1495 affirmabunt
575 1427 632 1490 sui
646 1425 734 1489 iueffe
748 1425 897 1505 ejusmodi

99 1509 290 1586 facultatem,
312 1526 404 1587 quam
420 1506 709 1587 cxsauepoffcntln
718 1509 898 1571 contrariam

98 1604 230 1670 partem3
251 1609 317 1668 qua
329 1590 453 1654 facultas
467 1594 552 1654 nulla
567 1589 607 1652 est
622 1636 631 1669 ,
651 1591 704 1652 ¹ubi
719 1589 757 1652 de
772 1589 897 1655 summu

98 1676 208 1751 boun,
235 1687 286 1734 aut
308 1675 426 1737 veritate
446 1675 582 1738 evidente
598 1674 702 1756 agitur.
743 1669 903 1735 Seutimus

98 1758 179 1816 cuim
196 1802 205 1833 ,
237 1757 278 1817 uti
293 1774 356 1817 nou
371 1752 525 1836 possumus
549 1774 614 1819 non
626 1766 729 1818 ‘amare
742 1753 900 1819 summam

97 1838 285 1918 felicitatem,
306 1858 403 1919 neque
418 1839 575 1903 adsensum
590 1855 696 1923 negare
710 1839 822 1903 veritati
834 1840 898 1902 cvi·

98 1922 199 1990 denti:
216 1923 255 1989 ita
272 1941 344 2001 nos,
364 1925 395 1985 in
412 1924 474 1986 aliis
490 1924 631 1988 omnibus
648 1923 733 1986 bonis
748 1921 778 1985 δι
793 1923 902 1984 verita-2

97 2007 193 2146 tibusf,
204 2006 559 2099 ,inaaltetuteampautem
572 2004 670 2090 „stne
679 2002 793 2069 invitia
809 2006 900 2067 ratio-

99 2104 137 2146 ne
188 2103 251 2146 em.

142 2131 192 2228 ia.
215 2165 277 2227 lV.
300 2162 416 2249 Longo
429 2164 723 2244 habitufieripotest,
744 2176 777 2226 ut
786 2165 901 2244 aliquid

100 2251 223 2311 libenter
238 2247 267 2309 &
283 2266 356 2309 eum
378 2250 530 2326 voluptate
541 2248 696 2312 faciamus
712 2266 721 2324 ;
749 2244 825 2317 adca
848 2260 902 2325 ut,-

102 2333 185 2393 eertis
213 2328 310 2408 postis
340 2329 587 2410 circumstantiis,
630 2330 660 2394 id
683 2350 739 2394 nos
767 2325 901 2395 fassurus

100 2412 177 2479 adea
191 2411 346 2475 verisimile
360 2412 409 2491 lit,
431 2426 464 2476 ut
480 2417 528 2476 vix
547 2411 693 2493 poma-aia:
704 2415 829 2478 dubium
850 2433 900 2481 ree.

100 2499 201 2561 vocati
217 2542 234 2574 ,‚
254 2497 296 2557 uti
320 2495 414 2575 liquet
428 2499 567 2577 exemplo
582 2501 687 2563 allato,
724 2495 871 2559 Attamen
889 2541 900 2574 ,

100 2583 193 2647 etiam
211 2574 268 2645 illis
290 2577 512 2645 circumstantiis
533 2580 657 2660 pofitis,
688 2576 829 2658 quamvis
851 2576 900 2640 ha·

100 2665 165 2725 bitu
182 2658 339 2727 contraelo
354 2662 427 2729 illuc
439 2662 594 2742 feramur,
622 2660 764 2723 sentimus
782 2657 901 2722 liabitas

101 2745 243 2807 vimnau
259 2743 316 2807 elle
330 2757 461 2823 tanam,
482 2760 515 2808 ut
524 2758 708 2823 nequeamus
717 2744 750 2807 ,ei
765 2738 898 2806 reststere.

101 2821 239 2903 Exempli
255 2824 342 2888 causi
358 2872 368 2904 ,
395 2844 545 2905 ponamus
559 2827 715 2888 hominem
726 2824 803 2887 aino
815 2824 898 2889 dedi·

101 2922 185 2985 tum,
206 2907 688 2988 fruentemprospcrlvaletudine,
709 2909 899 2971 animacueis

102 3008 219 3071 vacuo,
239 2987 902 3137 &fitientemiugtcdissocumubicombibtt2

588 3092 608 3155 ἶ
845 3088 883 3135 ul·
