1958 3494
176 228 483 303 O'nroronrm
508 224 737 300 cmxlii
791 243 862 329 345¹

112 344 161 408 13⁵
181 327 259 390 Aliae
273 327 431 388 volitiones
448 322 600 387 versantur
614 323 691 384 circa
705 341 767 401 resq
787 340 874 402 quas·

72 427 162 488 neque
178 412 288 488 bonas,
309 427 406 488 neque
421 410 514 470 malas
530 402 682 479 nobiseffe
696 405 874 484 credimus3·

72 491 118 553 seu
135 509 202 570 quae
216 493 358 570 bonone,
379 509 418 552 an
432 494 519 553 malae
533 488 588 549 fint
603 484 791 563 dubitamus3
811 502 862 551 aut

71 575 144 636 :irca
158 573 303 653 quasdam
314 571 527 652 propositiones
539 571 658 647 dubias,
679 569 863 633 fivenonsa·

71 656 110 717 :is-
119 657 219 718 claras.
261 655 313 719 Ad
329 655 412 718 hasce
427 656 588 718 volitiones
602 650 685 715 nulli
700 651 862 715 necessitate

71 736 372 818 adducimurmtque
388 736 465 801 hisce
481 740 512 800 in
526 738 620 800 rebus*
628 733 744 815 proprie
758 734 809 798 fita
823 732 863 798 est

70 819 295 905 Contingentia,
315 821 401 900 quod
415 834 449 884 ut
463 819 568 886 clarius
582 832 740 900 apparere,
750 815 863 900 -paullo

70 905 205 980 pluribus·
215 905 431 983 persequemur.
899 958 901 965 .

111 1002 160 1063 ¹4·
181 982 298 1046 Omnia
319 983 417 1046 nostra
435 984 547 1062 judicia
567 985 701 1048 feruntur
725 1005 760 1047 ιι
772 985 865 1048 deiis

69 1082 133 1146 quae
148 1066 221 1126 bona
231 1078 395 1145 vocantur,
415 1066 475 1128 hoc
490 1065 546 1145 est,
567 1069 673 1144 quibus
682 1068 768 1128 nobis'
775 1067 865 1128 creari
879 1116 897 1133 .

69 1145 159 1228 potest
173 1151 338 1228 voluptas·,
359 1160 410 1212 aut
422 1150 518 1211 letitia
534 1167 543 1224 3
558 1168 566 1195 τ
573 1151 626 1210 vei-
640 1148 677 1211 de
685 1146 796 1228 malis,
816 1161 867 1211 aut

69 1231 223 1314 exquibus
239 1234 344 1313 aliquis
359 1231 465 1312 dolor,
486 1232 622 1311 aliquive
643 1228 757 1295 tristitia‘
770 1230 879 1313 potest'

68 1314 104 1377 ad
119 1332 176 1378 nos
191 1315 302 1392 redire3
323 1314 352 1377 ἃ
366 1315 404 1378 de
418 1316 451 1377 iis
465 1333 532 1393 quae
546 1314 686 1377 dicuntur
693 1314 863 1396 indiffiren-

68 1396 127 1476 ria,
146 1416 212 1476 quae
228 1416 284 1460 nec
297 1399 394 1474 bona,
415 1414 472 1458 nec
485 1398 565 1458 mala
580 1397 665 1459 sunt:
689 1415 718 1457 2.
734 1397 865 1459 deveris

67 1476 280 1555 autfalfisq&
290 1477 402 1556 dubiis,
423 1496 489 1557 quae
504 1478 594 1539 solius
604 1480 865 1557 eontempletionis

68 1555 140 1641 ergo
155 1558 384 1623 confideramus.
405 1558 569 1641 Quidquid
580 1561 684 1622 animo
701 1560 864 1625 nostioob·

67 1640 197 1704 versatur
209 1643 246 1705 ad
261 1643 323 1705 haec
338 1642 402 1705 duo
415 1661 516 1706 rerum
531 1659 637 1725 genera
652 1641 750 1705 referri
762 1643 863 1721 potest.

67 1721 229 1804 Auiones,
251 1727 328 1788 circa
342 1727 439 1803 bona,
460 1737 512 1787 aut
527 1728 632 1802 mala,
653 1724 683 1788 ἃ
699 1724 865 1791 indifferen-

67 1808 124 1882 ti'r;
146 1811 412 1888 contemplationes
427 1827 533 1888 merae,
553 1810 864 1894 circaveraautfalsa‚

68 1889 99 1951 du
112 1889 200 1954 dubia
215 1891 373 1955 versantur.

112 1986 166 2053 15.-
182 1972 263 2037 Uti
290 1975 434 2053 prioribus
455 1974 630 2055 ordiamur}
658 1976 786 2056 quando
804 1978 865 2042 ani-

67 2073 123 2116 mo
143 2055 331 2135 disquirimus
349 2075 391 2118 on
411 2054 515 2119 fadiuri
535 2058 647 2136 simus,
668 2058 752 2136 quod
768 2076 865 2137 nequo

68 2138 209 2216 bonum,
239 2156 337 2218 neque
356 2140 475 2201 malum
494 2135 551 2200 effe
571 2152 711 2217 putamus
728 2158 738 2215 ;
764 2158 865 2204 exem-

66 2220 107 2296 pli
129 2217 242 2297 causi,
269 2239 308 2282 an
339 2219 429 2282 fimus
457 2218 554 2282 domo
582 2219 670 2284 serius
700 2234 751 2284 aut
779 2220 864 2286 citids

67 2302 194 2378 exituri,
222 2303 272 2364 ubi
288 2300 376 2381 plane
391 2301 420 2364 id
435 2301 554 2380 perinde
573 2300 630 2366 esse
646 2302 861 2385 existimamus,

67 2402 124 2444 nce
139 2382 303 2464 quidquam
318 2384 387 2447 inde
403 2384 492 2461 boni,
513 2394 564 2447 aut
579 2389 652 2450 mali
666 2389 703 2452 ad
720 2408 777 2453 noe
790 2388 864 2453 redi-

68 2468 131 2544 bit,
155 2468 301 2530 utrumvis
316 2469 353 2529 eli
375 2474 487 2543 'amus-3
509 2465 598 2549 cum,
616 2490 755 2551 mquam,
780 2471 865 2534 dubi·

65 2564 189 2629 tamus,
217 2550 247 2612 dr
266 2549 336 2630 post·
352 2486 569 2615 dubitationem
597 2552 657 2614 fine
677 2557 740 2616 ulia
761 2553 876 2633 causa,·

65 2651 159 2710 quam
179 2636 311 2711 proferre
326 2653 489 2714 queamus,
510 2637 685 2698 alterutrum
704 2637 859 2719 eligimus,

67 2731 135 2774 tum
156 2718 330 2801 contingens
350 2718 405 2780 fuit
432 2718 680 2780 hincnonoram
699 2718 736 2781 ad
755 2736 865 2783 exeun-

66 2794 142 2857 dum
158 2797 427 2877 cledon-essemus,
450 2802 554 2861 neone.
596 2797 696 2864 Nulla
709 2801 791 2865 enim
805 2820 875 2869 erat²

67 2879 166 2955 ratio,
193 2897 227 2941 ex
256 2899 286 2942 re
315 2881 376 2960 ipsa
402 2882 515 2961 petita,
542 2883 694 2964 exeundi,
721 2899 771 2949 aut
799 2906 873 2951 non·

65 2961 197 3025 exeundi
220 2975 302 3025 certo
323 2977 485 3043 tempore3
507 2966 591 3027 nulla
611 2985 734 3049 quoque
753 2971 785 3032 in
807 2990 865 3033 no-

66 3046 110 3110 bis
129 3045 210 3128 fuit,
238 3063 313 3127 quo
332 3065 389 3110 nos
409 3043 526 3190 inid}
538 3048 703 3129 impelleret¹
721 3052 872 3115 admirer·

102 3162 106 3168 ·
550 3147 577 3208 5.
750 3146 871 3216 utrum,
