1958 3494
209 136 287 222 Du
328 145 515 218 'Ion're
563 138 674 218 Cn'i’.
699 138 750 219 X.
829 164 888 242 4'9'

80 237 196 328 *judicia
210 240 324 320 nostra,
344 260 381 302 ac
395 240 533 304 eaforent
539 259 604 320 quae
611 241 757 309 ferrentur
763 237 800 303 de
814 260 881 309 ma-

88 328 242 413 gnitudine
256 324 400 403 summae,
420 325 523 386 multis
537 327 599 387 aliis
615 322 789 401 constantis;
809 343 881 405 qua·

86 430 157 476 rum
166 426 264 489 neque
272 425 454 484 munerum,
473 425 570 487 neque
583 406 821 490 magnitudinem
827 407 884 473 sei-

88 510 200 558 remus.
223 487 342 551 Verum
356 490 410 551 hac
425 488 461 550 de
476 509 506 551 re
521 490 670 568 pluribuS,
690 486 883 554 interuallo·

83 571 167 660 gices
175 573 282 649 Parte,
304 572 353 634 ubi
361 570 397 633 de
405 567 557 634 Methodo
565 588 698 654 agemus.

132 675 183 719 ιο.
212 652 342 734 Quodsr
357 655 388 717 in
402 655 435 716 iis
461 700 470 733 ,
511 673 579 734 quae
592 653 678 715 nobis
692 653 883 731 expendenda

87 750 300 821 proponuntur
326 784 336 815 ,
377 755 440 798 non
462 735 604 816 poffimus
627 748 720 816 parter
736 733 885 798 dseinvi-

89 841 161 884 cem
176 819 350 903 distinguere
369 856 387 897 =‚
424 821 591 900 earumque
605 831 716 882 certam
730 837 885 882 enumera·

90 907 210 968 tionem
223 904 296 964 inire
325 923 335 979 ;
376 914 445 963 turn
462 900 535 963 vcro
552 901 708 965 fatendum
721 899 762 964 est
776 915 828 965 aut
847 921 884 965 ea

93 1004 162 1050 non
175 980 231 1046 esse
246 988 319 1047 inter
335 1002 383 1046 eas
399 1001 443 1045 res
465 1031 474 1064 ,
503 1003 575 1064 quas
591 984 706 1047 homini
720 984 884 1066 coguosce-

91 1089 127 1132 re
143 1063 234 1143 licet3
259 1079 308 1128 aut
323 1067 461 1144 ampliori
470 1069 613 1130 examine
627 1113 637 1146 ‚
657 1078 692 1128 ut
705 1065 882 1144 pernoscan-

91 1166 168 1228 tur,
190 1166 265 1230 opus
285 1145 350 1210 esse.
393 1145 529 1227 Exempli
552 1147 666 1234 gratis,
687 1149 799 1211 nullius
816 1148 886 1213 sub·

92 1233 202 1296 stantia
226 1250 333 1295 omnes
354 1232 539 1310 proprietates
567 1279 577 1312 ,
615 1231 812 1314 intimimque
831 1250 885 1296 na·

91 1331 193 1378 turam
226 1315 313 1377 nobis
349 1312 530 1377 innotescere
564 1325 649 1377 antea
683 1312 884 1394 ostendimas3

94 1398 177 1460 unde
190 1394 226 1457 de
240 1415 275 1459 ea
289 1415 319 1458 re
333 1394 483 1475 judicium
497 1396 564 1459 ferri
578 1415 644 1459 non
660 1393 740 1474 posse
760 1442 769 1474 ‚
797 1398 885 1459 colli-

83 1499 164 1564 gere
177 1477 225 1540 est.
274 1477 306 1541 Si
320 1476 393 1539 vero
408 1477 529 1559 quaestio
545 1478 727 1540 arithmetica
740 1476 885 1540 solvenda

93 1574 300 1642 proponatur,
328 1579 394 1640 quae
415 1560 541 1640 postulet
563 1560 733 1643 longiorem
747 1557 886 1638 supputa·

85 1648 211 1708 ‹tionem
229 1663 239 1720 ;
260 1657 310 1704 aut
324 1645 434 1723 quevis
448 1640 668 1722 aliaquaeili0·,
695 1658 761 1722 quae
782 1654 816 1703 ut
836 1660 886 1706 ex·

85 1727 238 1807 ,pendatur
259 1738 393 1804 tempore
422 1726 549 1810 indigeat
578 1772 587 1805 ,
626 1742 690 1788 non
712 1723 753 1788 est
768 1741 886 1805 praepo·

94 1808 171 1872 stcro
185 1808 298 1888 pudore
312 1809 395 1869 illico
414 1854 424 1884 ‚
445 1827 483 1870 ne
504 1807 657 1871 videamur
671 1809 781 1889 aliquid
798 1811 883 1955 igno·

95 1911 178 1970 rare,
192 1890 440 1970 respondendum.
480 1889 660 1954 Pudendum
668 1911 732 1953 non
740 1890 803 1954 esti
833 1909 885 1954 ne-

93 1975 184 2054 scire,
207 1973 290 2053 quod
305 1991 474 2051 numquam
486 1974 523 2035 ad
531 1975 886 2050 exarnenrevocaviinn53

92 2055 145 2119 scd
160 2055 336 2136 pudendum
350 2053 389 2116 est
403 2055 433 2118 id
447 2056 524 2117 velle
540 2055 631 2117 videri
645 2056 735 2134 scire,
756 2055 842 2135 quod
849 2073 881 2116 re

94 2137 155 2218 ipsi
169 2141 352 2223 ignoramus.

148 2239 197 2284 ιι.
223 2218 364 2284 Multum
391 2218 481 2297 porro
524 2217 666 2282 conducit
692 2219 887 2300 perspicuitati

96 2303 169 2366 ideae
187 2344 204 2382 -,
244 2316 293 2364 aut
309 2297 326 2362 d
341 2304 426 2364 nobis
440 2315 491 2364 aut
503 2304 540 2365 ab
558 2303 619 2365 aliis
639 2304 836 2385 compofitae3
863 2304 884 2368 si

95 2386 225 2465 partium
246 2385 353 2465 quibus
375 2383 487 2447 constat
502 2385 583 2448 idem
597 2384 710 2465 semper
725 2407 885 2466 numerus,

94 2468 238 2547 idemque
258 2466 334 2530 ordo
355 2464 396 2527 st.
457 2465 605 2548 Alioqui,
633 2466 654 2528 sr
677 2484 816 2554 augeatur
836 2480 886 2531 aut

94 2549 248 2631 minuatur
290 2548 412 2612 subinde
445 2567 587 2612 numerus
616 2549 750 2614 idearum
777 2550 888 2628 simpli·

98 2633 209 2710 cium,
235 2633 342 2712 quibus
358 2630 521 2709 composita
539 2630 674 2714 constat,
704 2645 755 2695 aut
769 2651 887 2696 earum-

96 2712 173 2777 dem
187 2713 344 2778 invertatur
360 2712 437 2794 ordo
452 2732 462 2789 3
481 2717 652 2794 memoria,
670 2714 791 2796 ipseque
810 2714 889 2780 adeo

95 2797 216 2859 animus
235 2798 427 2876 perturbatur.
470 2794 513 2859 Ita
524 2797 553 2876 si
568 2798 633 2877 quis
647 2796 733 2859 snnul
755 2797 888 2866 summas

97 2881 213 2959 aliquot
227 2879 381 2963 diligenter
393 2876 553 2958 supputarit
577 2926 586 2959 ,
627 2883 770 2961 c'ertdquc
784 2883 888 2949 ordine

95 2959 263 3041 tament,
306 2960 551 3044 quotiescumque
591 2976 639 3026 ers
678 2965 890 3052 recognoscere

151 3035 267 3110 ulmus
288 3041 311 3106 1.
564 3039 594 3110 G
806 3048 888 3126 vult,
