1950 3474
643 84 667 121 (²

85 162 153 239 35‘2
205 134 518 209 Ouinium·
536 137 648 208 C‘nr’:
663 137 779 212 XW.¹

81 233 250 297 observatio
269 231 311 296 ad
329 230 493 312 Criticen,
520 244 588 296 non-
600 231 641 295 ad
652 229 895 316 Maraphyficenr

79 319 213 397 pertinet.
242 312 344 377 Potius
359 312 408 376 hic
422 315 521 394 paucis
537 328 675 379 naturam
690 315 895 395 poffibiritttis2

82 393 809 561 guinffoffibilitatis‚proutlnobis'intelligitur,
828 421 878 464 ex-

115 500 160 543 rca
181 497 268 542 imus.
395 521 398 527 «

126 582 162 645 3.
174 559 260 625 Cum
276 561 380 623 omnia
390 560 502 641 judicia
524 560 623 626 nostra
641 562 892 644 complodantur·-

81 645 338 724 comparationem
368 643 499 708 duarum
525 646 690 709 minimum
718 647 849 715 idearum
863 690 891 726 ‚-

82 727 206 810 quando
223 725 349 787 dicimus
365 726 477 804 aliquid
499 725 555 788 ene
569 727 702 806 poffibile
718 751 727 807 3
755 746 872 806 compa·

83 811 149 873 ratis
165 810 238 870 inter
252 805 281 867 se
295 806 408 869 duabus
425 806 496 869 ideis
509 855 528 889 a·
554 827 611 872 nos
625 810 727 874 videre
742 813 812 874 inter
827 828 872 872 eas

81 889 229 971 eiusmodi
244 905 452 969 connexum·,.
465 903 500 957 ut
512 888 620 970 poffint
634 891 694 955 una
707 892 781 970 eise,
801 895 875 956 affir-

81 989 211 1036 mamus.
251 968 296 1033 lta
310 970 373 1034 fieri
386 969 494 1053 poiler
505 974 678 1039 utAdamas
694 974 816 1037 craffitie
832 995 893 1038 ca···
916 992 920 999 ·

82 1069 138 1135 put
151 1055 321 1117 humanum
334 1067 643 1135 aquetautumamus3
664 1060 880 1136 quia,nempe,

83 1139 208 1201 numani
224 1137 324 1215 capitis
347 1138 675 1218 magnitudinemcum
694 1133 889 1198 Adamantis'i

82 1234 186 1282 natura
204 1215 260 1280 effe
275 1215 355 1298 posse
369 1221 525 1281 cernimus.
544 1272 548 1278 .
566 1213 802 1292 Dicimuapoffe
819 1217 875 1278 fie-

81 1303 124 1382 ri,
143 1298 283 1365 utMonr
298 1302 330 1363 in
344 1304 497 1380 puluerem
510 1301 732 1363 comminuatur
746 1318 761 1377 -;
789 1297 894 1380 quod*

83 1403 119 1447 en
134 1384 365 1448 conlideratione
387 1385 539 1465 partium,
565 1385 670 1464 quibus
683 1378 878 1446 Mona-con·

83 1466 136 1530 stat
151 1514 160 1547 ,
188 1468 368 1547 colligamus
382 1486 430 1529 eas
445 1463 527 1547 porse
539 1466 631 1531 dividi
646 1465 684 1540 <o
699 1464 793 1546 usque
808 1512 818 1545 ‚
843 1478 877 1528 nt
895 1521 899 1527 .

83 1550 211 1630 pulveris
225 1561 341 1630 aquent
355 1552 551 1613 tenuitatemu

106 1630 108 1636 '
124 1653 153 1713 4.
175 1632 291 1696 Veritas
298 1642 399 1693 autem
405 1631 518 1693 horum
529 1630 714 1710 judiciorum
728 1630 835 1710 pendet
842 1649 877 1694 ex

84 1715 256 1796 cognitione
269 1711 443 1786 rerumne
459 1713 568 1792 quibus
578 1712 759 1792 judicamus.
793 1712 903 1777 cums-

80 1798 161 1859 enim
183 1791 263 1853 certo
285 1794 427 1852 novimus
444 1795 660 1869 ⁴proprietatem
682 1797 814 1871 aliquam
834 1798 877 1857 rei

80 1875 261 1956 cujuspiam,
282 1889 355 1933 cum
370 1891 430 1951 qua
445 1872 501 1934 elle
515 1873 608 1951 potest
623 1875 677 1934 alia
692 1919 701 1950 ,
722 1887 790 1935 rum
804 1876 876 1938 veri:

81 1960 209 2024 dicimus
222 1974 289 2018 eam
304 1971 369 2017 rem
379 1973 457 2016 -cum
473 1957 529 2017 alia
550 1957 601 2017 illa
623 1957 796 2035 proprietate
819 1957 877 2021 effe

79 2039 171 2122 pone.
210 2039 253 2103 Ita
267 2037 376 2101 scimus
391 2039 512 2116 rupium
530 2037 722 2117 parter-polle
736 2040 830 2184 frangi
846 2041 894 2103 dc·-

14 2192 17 2203 .
81 2126 219 2202 conteri,
249 2141 322 2184 cum
343 2139 403 2200 qua
419 2123 591 2201 proprietate
613 2121 678 2184 idua
692 2124 799 2184 minuti
823 2126 893 2184 nni.

81 2208 211 2286 pulveris
224 2203 385 2282 conjuntia
399 2203 457 2280 est3
478 2219 573 2285 atquc·
582 2207 651 2266 hinc
662 2204 878 2269 rneritoMon-

80 2305 143 2352 teni
158 2285 238 2366 polle
257 2289 292 2349 ini
303 2285 518 2351 tenuiffnnum.
529 2293 685 2366 pulverem
707 2291 904 2351 comminui

83 2370 302 2435 contendimus.

103 2466 104 2470 ’
124 2474 151 2534 5.
173 2451 308 2533 Quando
328 2452 401 2513 vero
424 2454 464 2515 ita
478 2455 650 2535 ignoramus
667 2466 801 2515 naturam
815 2453 873 2530 rei,
901 2513 905 2522 ,

81 2551 117 2600 ut
130 2555 203 2600 cum
219 2538 308 2599 nullal
317 2534 379 2614 qius
390 2537 562 2613 proprietate
569 2548 641 2596 nota
650 2532 784 2596 connedli
792 2552 889 2612 quae·-

81 2622 162 2697 piam
175 2621 231 2681 alia
244 2619 436 2698 intelligatur,
457 2617 621 2696 quidquam
637 2616 718 2678 deco
727 2616 876 2682 affirmare

80 2721 160 2764 nexu
178 2704 354 2781 nequimun‘
389 2698 432 2760 Ita
453 2717 516 2760 non
529 2696 682 2777 possumus
697 2697 891 2778 respondero

80 2784 149 2843 hnic
163 2783 332 2861 quaestioni,
353 2801 391 2844 an
401 2784 534 2860 materia,
556 2779 615 2860 qud
623 2782 736 2844 ferrum
744 2782 876 2864 constat,

78 2860 164 2942 poliit
178 2863 332 2927 admittere
346 2884 453 2926 omnes
469 2867 679 2951 proprietatesj
695 2884 767 2944 quas
783 2868 814 2927 in
831 2887 877 2929 ar-

78 2959 170 3026 gento
185 2958 236 3006 aut
250 2965 323 3008 auro
338 2950 481 3012 novimus
503 2948 515 3011 i
555 2944 619 3029 Qui
641 2947 725 3013 enim
734 2949 887 3012 dicemuo

800 3050 876 3111 pon-
